<?xml version="1.0" encoding="UTF-8"?>
<OAI-PMH xmlns="http://www.openarchives.org/OAI/2.0/" xmlns:xsi="http://www.w3.org/2001/XMLSchema-instance" xsi:schemaLocation="http://www.openarchives.org/OAI/2.0/ http://www.openarchives.org/OAI/2.0/OAI-PMH.xsd">
  <ListRecords>
    <record>
      <header>
        <identifier>aleph-publish:000317603</identifier>
      </header>
      <metadata>
        <record xmlns="http://www.ddb.de/professionell/mabxml/mabxml-1.xsd">
          <leader>00275vM2.01200024------u</leader>
          <controlfield tag="LDR">00275vM2.01200024------u</controlfield>
          <controlfield tag="FMT">MU</controlfield>
          <datafield tag="001" ind1="-" ind2="1">
            <subfield code="a">HT002244295</subfield>
          </datafield>
          <datafield tag="001" ind1="-" ind2="2">
            <subfield code="a">HT002192073</subfield>
          </datafield>
          <datafield tag="002" ind1="a" ind2="1">
            <subfield code="a">19910904</subfield>
          </datafield>
          <datafield tag="002" ind1="a" ind2="2">
            <subfield code="a">19931019</subfield>
          </datafield>
          <datafield tag="003" ind1="-" ind2="2">
            <subfield code="a">20070704</subfield>
          </datafield>
          <datafield tag="010" ind1="-" ind2="1">
            <subfield code="a">HT002192073</subfield>
          </datafield>
          <datafield tag="026" ind1="-" ind2="2">
            <subfield code="a">HBZHT002192073</subfield>
          </datafield>
          <controlfield tag="030">a|1uc||||||||</controlfield>
          <datafield tag="070" ind1="-" ind2="1">
            <subfield code="a">385</subfield>
          </datafield>
          <datafield tag="070" ind1="-" ind2="2">
            <subfield code="a">385</subfield>
          </datafield>
          <datafield tag="070" ind1="b" ind2="2">
            <subfield code="a">HBZ/Red</subfield>
          </datafield>
          <datafield tag="080" ind1="-" ind2="1">
            <subfield code="a">60</subfield>
          </datafield>
          <datafield tag="080" ind1="-" ind2="2">
            <subfield code="a">60</subfield>
          </datafield>
          <datafield tag="089" ind1="-" ind2="1">
            <subfield code="a">5. Schlechte Schulleistungen</subfield>
            <subfield code="a">A</subfield>
          </datafield>
          <datafield tag="090" ind1="-" ind2="1">
            <subfield code="a">5,A</subfield>
          </datafield>
          <datafield tag="100" ind1="b" ind2="2">
            <subfield code="p">Huber, Günter L.</subfield>
            <subfield code="d">1940-</subfield>
            <subfield code="9">(DE-588)128851945</subfield>
            <subfield code="b">[Hrsg.]</subfield>
          </datafield>
          <datafield tag="200" ind1="b" ind2="2">
            <subfield code="k">Deutsches Institut für Fernstudien</subfield>
            <subfield code="h">Tübingen</subfield>
            <subfield code="9">(DE-588)1006188-5</subfield>
          </datafield>
          <datafield tag="331" ind1="-" ind2="1">
            <subfield code="a">Allgemeines Schulversagen</subfield>
          </datafield>
          <datafield tag="331" ind1="-" ind2="2">
            <subfield code="a">Fernsehkolleg Lehrerprobleme - Schülerprobleme</subfield>
          </datafield>
          <datafield tag="335" ind1="-" ind2="2">
            <subfield code="a">ein Programm zur Verbesserung pädagogischer Handlungsmöglichkeiten</subfield>
          </datafield>
          <datafield tag="359" ind1="-" ind2="1">
            <subfield code="a">Autoren: Günter L. Huber ...</subfield>
          </datafield>
          <datafield tag="359" ind1="-" ind2="2">
            <subfield code="a">Deutsches Institut für Fernstudien an der Universität Tübingen. [Für d. Projektentwicklung verantw. Wissenschaftler: Günter L. Huber ...]</subfield>
          </datafield>
          <datafield tag="370" ind1="a" ind2="2">
            <subfield code="a">Lehrerprobleme - Schülerprobleme</subfield>
          </datafield>
          <datafield tag="410" ind1="-" ind2="2">
            <subfield code="a">Tübingen</subfield>
          </datafield>
          <datafield tag="425" ind1="a" ind2="1">
            <subfield code="a">1982</subfield>
          </datafield>
          <datafield tag="433" ind1="-" ind2="1">
            <subfield code="a">70 S. : graph. Darst.</subfield>
          </datafield>
          <datafield tag="451" ind1="-" ind2="2">
            <subfield code="a">Fernstudium Erziehungswissenschaft</subfield>
          </datafield>
          <datafield tag="700" ind1="g" ind2="2">
            <subfield code="a">DN 7000</subfield>
          </datafield>
          <datafield tag="700" ind1="g" ind2="2">
            <subfield code="a">DO 1000</subfield>
          </datafield>
          <datafield tag="700" ind1="g" ind2="2">
            <subfield code="a">CX 5500</subfield>
          </datafield>
          <datafield tag="700" ind1="g" ind2="2">
            <subfield code="a">BU 6100</subfield>
          </datafield>
          <datafield tag="700" ind1="g" ind2="2">
            <subfield code="a">DO 8000</subfield>
          </datafield>
          <datafield tag="700" ind1="g" ind2="2">
            <subfield code="a">CX 4500</subfield>
          </datafield>
          <datafield tag="902" ind1="-" ind2="2">
            <subfield code="s">Schulschwierigkeiten</subfield>
            <subfield code="9">(DE-588)4129583-3</subfield>
          </datafield>
          <datafield tag="902" ind1="-" ind2="2">
            <subfield code="s">Lehrerverhalten</subfield>
            <subfield code="9">(DE-588)4074110-2</subfield>
          </datafield>
          <datafield tag="902" ind1="-" ind2="2">
            <subfield code="s">Verhaltenstraining</subfield>
            <subfield code="9">(DE-588)4117345-4</subfield>
          </datafield>
          <datafield tag="902" ind1="-" ind2="2">
            <subfield code="f">Lehrmittel</subfield>
          </datafield>
          <datafield tag="903" ind1="-" ind2="2">
            <subfield code="a">2314</subfield>
            <subfield code="a">3214</subfield>
          </datafield>
          <controlfield tag="SYS">000317603</controlfield>
          <datafield tag="PKO" ind1="-" ind2="1">
            <subfield code="k">Institut für Fernstudien</subfield>
            <subfield code="h">Tübingen</subfield>
            <subfield code="9">(DE-588)1006188-5</subfield>
          </datafield>
          <datafield tag="PKO" ind1="-" ind2="1">
            <subfield code="k">Universität Tübingen</subfield>
            <subfield code="b">Deutsches Institut für Fernstudien</subfield>
            <subfield code="9">(DE-588)1006188-5</subfield>
          </datafield>
          <datafield tag="PKO" ind1="-" ind2="1">
            <subfield code="k">Universität Tübingen</subfield>
            <subfield code="b">Institut für Fernstudien</subfield>
            <subfield code="9">(DE-588)1006188-5</subfield>
          </datafield>
          <datafield tag="PKO" ind1="-" ind2="1">
            <subfield code="k">DIFF</subfield>
            <subfield code="9">(DE-588)1006188-5</subfield>
          </datafield>
          <datafield tag="PKO" ind1="-" ind2="1">
            <subfield code="k">Institut für Fernstudien</subfield>
            <subfield code="h">Tübingen</subfield>
            <subfield code="9">(DE-588)1006188-5</subfield>
          </datafield>
          <datafield tag="PKO" ind1="-" ind2="1">
            <subfield code="k">Universität Tübingen</subfield>
            <subfield code="b">Deutsches Institut für Fernstudien</subfield>
            <subfield code="9">(DE-588)1006188-5</subfield>
          </datafield>
          <datafield tag="PKO" ind1="-" ind2="1">
            <subfield code="k">Universität Tübingen</subfield>
            <subfield code="b">Institut für Fernstudien</subfield>
            <subfield code="9">(DE-588)1006188-5</subfield>
          </datafield>
          <datafield tag="PKO" ind1="-" ind2="1">
            <subfield code="k">DIFF</subfield>
            <subfield code="9">(DE-588)1006188-5</subfield>
          </datafield>
          <datafield tag="PPE" ind1="-" ind2="1">
            <subfield code="p">Huber, Günter Ludwig</subfield>
            <subfield code="d">1940-</subfield>
            <subfield code="9">(DE-588)128851945</subfield>
          </datafield>
          <datafield tag="PPE" ind1="-" ind2="1">
            <subfield code="p">Huber, G. L.</subfield>
            <subfield code="d">1940-</subfield>
            <subfield code="9">(DE-588)128851945</subfield>
          </datafield>
          <datafield tag="PPE" ind1="-" ind2="1">
            <subfield code="p">Huber, Günter</subfield>
            <subfield code="d">1940-</subfield>
            <subfield code="9">(DE-588)128851945</subfield>
          </datafield>
          <datafield tag="PPE" ind1="-" ind2="1">
            <subfield code="p">Huber, Günther L.</subfield>
            <subfield code="d">1940-</subfield>
            <subfield code="9">(DE-588)128851945</subfield>
          </datafield>
          <datafield tag="PPE" ind1="-" ind2="1">
            <subfield code="p">Huber, Günter Ludwig</subfield>
            <subfield code="d">1940-</subfield>
            <subfield code="9">(DE-588)128851945</subfield>
          </datafield>
          <datafield tag="PPE" ind1="-" ind2="1">
            <subfield code="p">Huber, G. L.</subfield>
            <subfield code="d">1940-</subfield>
            <subfield code="9">(DE-588)128851945</subfield>
          </datafield>
          <datafield tag="PPE" ind1="-" ind2="1">
            <subfield code="p">Huber, Günter</subfield>
            <subfield code="d">1940-</subfield>
            <subfield code="9">(DE-588)128851945</subfield>
          </datafield>
          <datafield tag="PPE" ind1="-" ind2="1">
            <subfield code="p">Huber, Günther L.</subfield>
            <subfield code="d">1940-</subfield>
            <subfield code="9">(DE-588)128851945</subfield>
          </datafield>
          <datafield tag="PKO" ind1="-" ind2="2">
            <subfield code="k">Institut für Fernstudien</subfield>
            <subfield code="h">Tübingen</subfield>
            <subfield code="9">(DE-588)1006188-5</subfield>
          </datafield>
          <datafield tag="PKO" ind1="-" ind2="2">
            <subfield code="k">Universität Tübingen</subfield>
            <subfield code="b">Deutsches Institut für Fernstudien</subfield>
            <subfield code="9">(DE-588)1006188-5</subfield>
          </datafield>
          <datafield tag="PKO" ind1="-" ind2="2">
            <subfield code="k">Universität Tübingen</subfield>
            <subfield code="b">Institut für Fernstudien</subfield>
            <subfield code="9">(DE-588)1006188-5</subfield>
          </datafield>
          <datafield tag="PKO" ind1="-" ind2="2">
            <subfield code="k">DIFF</subfield>
            <subfield code="9">(DE-588)1006188-5</subfield>
          </datafield>
          <datafield tag="PKO" ind1="-" ind2="2">
            <subfield code="k">Institut für Fernstudien</subfield>
            <subfield code="h">Tübingen</subfield>
            <subfield code="9">(DE-588)1006188-5</subfield>
          </datafield>
          <datafield tag="PKO" ind1="-" ind2="2">
            <subfield code="k">Universität Tübingen</subfield>
            <subfield code="b">Deutsches Institut für Fernstudien</subfield>
            <subfield code="9">(DE-588)1006188-5</subfield>
          </datafield>
          <datafield tag="PKO" ind1="-" ind2="2">
            <subfield code="k">Universität Tübingen</subfield>
            <subfield code="b">Institut für Fernstudien</subfield>
            <subfield code="9">(DE-588)1006188-5</subfield>
          </datafield>
          <datafield tag="PKO" ind1="-" ind2="2">
            <subfield code="k">DIFF</subfield>
            <subfield code="9">(DE-588)1006188-5</subfield>
          </datafield>
          <datafield tag="PSW" ind1="-" ind2="2">
            <subfield code="s">Verhalten</subfield>
            <subfield code="x">Training</subfield>
            <subfield code="9">(DE-588)4117345-4</subfield>
          </datafield>
          <datafield tag="PSW" ind1="-" ind2="2">
            <subfield code="s">Situatives Verhaltenstraining</subfield>
            <subfield code="9">(DE-588)4117345-4</subfield>
          </datafield>
          <datafield tag="PSW" ind1="-" ind2="2">
            <subfield code="s">Lehrverhalten</subfield>
            <subfield code="9">(DE-588)4074110-2</subfield>
          </datafield>
          <datafield tag="PSW" ind1="-" ind2="2">
            <subfield code="s">Unterricht</subfield>
            <subfield code="x">Lehrerverhalten</subfield>
            <subfield code="9">(DE-588)4074110-2</subfield>
          </datafield>
          <datafield tag="PSW" ind1="-" ind2="2">
            <subfield code="s">Unterrichtsverhalten</subfield>
            <subfield code="x">Lehrer</subfield>
            <subfield code="9">(DE-588)4074110-2</subfield>
          </datafield>
          <datafield tag="PSW" ind1="-" ind2="2">
            <subfield code="s">Verhalten</subfield>
            <subfield code="x">Training</subfield>
            <subfield code="9">(DE-588)4117345-4</subfield>
          </datafield>
          <datafield tag="PSW" ind1="-" ind2="2">
            <subfield code="s">Situatives Verhaltenstraining</subfield>
            <subfield code="9">(DE-588)4117345-4</subfield>
          </datafield>
          <datafield tag="PSW" ind1="-" ind2="2">
            <subfield code="s">Lehrverhalten</subfield>
            <subfield code="9">(DE-588)4074110-2</subfield>
          </datafield>
          <datafield tag="PSW" ind1="-" ind2="2">
            <subfield code="s">Unterricht</subfield>
            <subfield code="x">Lehrerverhalten</subfield>
            <subfield code="9">(DE-588)4074110-2</subfield>
          </datafield>
          <datafield tag="PSW" ind1="-" ind2="2">
            <subfield code="s">Unterrichtsverhalten</subfield>
            <subfield code="x">Lehrer</subfield>
            <subfield code="9">(DE-588)4074110-2</subfield>
          </datafield>
          <datafield tag="PSW" ind1="-" ind2="2">
            <subfield code="s">Schulproblem</subfield>
            <subfield code="9">(DE-588)4129583-3</subfield>
          </datafield>
          <datafield tag="PSW" ind1="-" ind2="2">
            <subfield code="s">Schulschwierigkeit</subfield>
            <subfield code="9">(DE-588)4129583-3</subfield>
          </datafield>
          <datafield tag="PSW" ind1="-" ind2="2">
            <subfield code="s">Problemschüler</subfield>
            <subfield code="9">(DE-588)4129583-3</subfield>
          </datafield>
          <datafield tag="PSW" ind1="-" ind2="2">
            <subfield code="s">Schwieriger Schüler</subfield>
            <subfield code="9">(DE-588)4129583-3</subfield>
          </datafield>
          <datafield tag="PSW" ind1="-" ind2="2">
            <subfield code="s">Schulproblem</subfield>
            <subfield code="9">(DE-588)4129583-3</subfield>
          </datafield>
          <datafield tag="PSW" ind1="-" ind2="2">
            <subfield code="s">Schulschwierigkeit</subfield>
            <subfield code="9">(DE-588)4129583-3</subfield>
          </datafield>
          <datafield tag="PSW" ind1="-" ind2="2">
            <subfield code="s">Problemschüler</subfield>
            <subfield code="9">(DE-588)4129583-3</subfield>
          </datafield>
          <datafield tag="PSW" ind1="-" ind2="2">
            <subfield code="s">Schwieriger Schüler</subfield>
            <subfield code="9">(DE-588)4129583-3</subfield>
          </datafield>
          <datafield tag="PPE" ind1="-" ind2="2">
            <subfield code="p">Huber, Günter Ludwig</subfield>
            <subfield code="d">1940-</subfield>
            <subfield code="9">(DE-588)128851945</subfield>
          </datafield>
          <datafield tag="PPE" ind1="-" ind2="2">
            <subfield code="p">Huber, G. L.</subfield>
            <subfield code="d">1940-</subfield>
            <subfield code="9">(DE-588)128851945</subfield>
          </datafield>
          <datafield tag="PPE" ind1="-" ind2="2">
            <subfield code="p">Huber, Günter</subfield>
            <subfield code="d">1940-</subfield>
            <subfield code="9">(DE-588)128851945</subfield>
          </datafield>
          <datafield tag="PPE" ind1="-" ind2="2">
            <subfield code="p">Huber, Günther L.</subfield>
            <subfield code="d">1940-</subfield>
            <subfield code="9">(DE-588)128851945</subfield>
          </datafield>
          <datafield tag="PPE" ind1="-" ind2="2">
            <subfield code="p">Huber, Günter Ludwig</subfield>
            <subfield code="d">1940-</subfield>
            <subfield code="9">(DE-588)128851945</subfield>
          </datafield>
          <datafield tag="PPE" ind1="-" ind2="2">
            <subfield code="p">Huber, G. L.</subfield>
            <subfield code="d">1940-</subfield>
            <subfield code="9">(DE-588)128851945</subfield>
          </datafield>
          <datafield tag="PPE" ind1="-" ind2="2">
            <subfield code="p">Huber, Günter</subfield>
            <subfield code="d">1940-</subfield>
            <subfield code="9">(DE-588)128851945</subfield>
          </datafield>
          <datafield tag="PPE" ind1="-" ind2="2">
            <subfield code="p">Huber, Günther L.</subfield>
            <subfield code="d">1940-</subfield>
            <subfield code="9">(DE-588)128851945</subfield>
          </datafield>
          <datafield tag="700" ind1=" " ind2=" ">
            <subfield code="a">HVX</subfield>
          </datafield>
          <datafield tag="OWN" ind1=" " ind2=" ">
            <subfield code="a">P0001</subfield>
          </datafield>
          <datafield tag="PLK" ind1=" " ind2=" ">
            <subfield code="a">UP</subfield>
            <subfield code="l">PAD01</subfield>
            <subfield code="b">000317594</subfield>
            <subfield code="m">5. Schlechte Schulleistungen;^A;^.^Allgemeines Schulversagen.^1982</subfield>
            <subfield code="n">Fernsehkolleg Lehrerprobleme - Schülerprobleme.^</subfield>
          </datafield>
          <datafield tag="LOC" ind1=" " ind2=" ">
            <subfield code="m">BOOK</subfield>
            <subfield code="a">P0001</subfield>
            <subfield code="b">11</subfield>
            <subfield code="d">HVX1985-5A</subfield>
            <subfield code="n">20</subfield>
            <subfield code="k">00000000</subfield>
            <subfield code="5">303785-10</subfield>
          </datafield>
        </record>
      </metadata>
    </record>
  </ListRecords>
</OAI-PMH>
